<?xml version="1.0" encoding="UTF-8"?><collection xmlns="http://www.loc.gov/MARC21/slim"><record><leader>00624nam--2200205-i-4500</leader><controlfield tag="001">000016037</controlfield><controlfield tag="002">20161230</controlfield><controlfield tag="005">20161230201031</controlfield><controlfield tag="008">060222s1000------------r-----000-0-fre-d</controlfield><datafield ind1=" " ind2=" " tag="040"><subfield code="a">IFIN-HH</subfield></datafield><datafield ind1=" " ind2=" " tag="041"><subfield code="a">fre</subfield></datafield><datafield ind1=" " ind2=" " tag="080"><subfield code="a">537.56</subfield></datafield><datafield ind1="1" ind2=" " tag="100"><subfield code="a">Badareu, E</subfield></datafield><datafield ind1="1" ind2="0" tag="245"><subfield code="a">Gaz ionises</subfield><subfield code="b">Decharges electriques dans les gas traduit du roumain par c. popescu-ulmu</subfield><subfield code="c">E. badareu, i. popescu</subfield></datafield><datafield ind1=" " ind2=" " tag="260"><subfield code="a">Paris</subfield><subfield code="b">Editions Dunod</subfield><subfield code="c">1968</subfield></datafield><datafield ind1=" " ind2=" " tag="300"><subfield code="a">333 P</subfield></datafield><datafield ind1=" " ind2=" " tag="500"><subfield code="a">Titlul Original In Limba Romana: Gaze Ionizante Descarcari Electrice In Gaze</subfield></datafield><datafield ind1="1" ind2=" " tag="700"><subfield code="a">Popescu, I</subfield></datafield><datafield ind1=" " ind2=" " tag="852"><subfield code="a">76708</subfield><subfield code="c">537.52</subfield></datafield><datafield ind1=" " ind2=" " tag="CAT"><subfield code="a">Sys</subfield><subfield code="c">20110804</subfield><subfield code="h">162011</subfield></datafield></record></collection>